@book{KopkaHelmut2004L,
publisher = {Computer Press},
isbn = {80-7226-973-9},
year = {2004},
title = {Latex : podrobný průvodce},
chapter = {},
edition = {Vyd. 1.},
language = {cze},
address = {Brno},
author = {Kopka, Helmut},
keywords = {počítačová typografie vt zpracování dokumentů in; příručky; LATEX; elektronické zpracování textu; formátování textu; sazba; zpracování textu},
}

@book{KopkaHelmut2004AGtL,
publisher = {Addison-Wesley},
isbn = {0-321-17385-6},
year = {2004},
title = {A Guide to LATEX},
chapter = {Introduction},
edition = {4rd ed.},
language = {eng},
address = {Boston},
author = {Kopka, Helmut},
keywords = {počítačová typografie vt; LaTeX},
}

@misc{BOJKO2011thesis,
	AUTHOR = "BOJKO, Pavel",
	TITLE = "Problematika sazby odborného textu v prostředí LaTeX [online]",
	YEAR = "2011 [cit. 2020-04-13]",
	TYPE = "Bakalářská práce",
	SCHOOL = "Jihočeská univerzita v Českých Budějovicích, Přírodovědecká fakulta, České Budějovice",
	SUPERVISOR = "RNDr. Vítězslav Straňák, Ph.D.",
	URL = "https://theses.cz/id/say3ul/>",
}
@misc{Cerny2011,
	AUTHOR = "Černý, Lukáš",
	TITLE = "Konverze prezentací mezi platformou LaTeX a Microsoft Power Point",
	YEAR = "2011 [cit. 2020-04-13]",
	TYPE = "Diplomová práce",
	SCHOOL = "Vysoké učení technické v Brně, Fakulta informačních technologíí, Brno",
	SUPERVISOR = "Ing. Zbyněk Křivka, Ph.D.",
	URL = "https://dspace.vutbr.cz/handle/11012/54128?show=full",
}
@Misc{programujteClanek,
author = "Šimeček, Martin",
title = "LaTeX 1. -- Co to je a proč se ho chtít učit?",
howpublished = "online",
cited = "!2020-04-13",
url = "http://programujte.com/clanek/2013080500-latex-1-co-to-je-a-proc-se-ho-chtit-ucit/",
}
@Article{PresentationEBook,
author = "Voss, Herbert",
title = "Presentations with LaTeX : Which Package, Which Command, Which Syntax?",
journal = "Informatica",
year = "2016",
number = "1",
pages = "2--3",
issn = "0350--5596",
}
@Article{ancientText,
author = "Apostolos Syropoulos",
title = "LATEX as a tool for the typographic reproduction of ancient tex",
journal = "TUGboat",
year = "2006",
number = "2",
pages = "181--186",
issn = "896--320",
}
@Article{abstract,
author = "Victoria Baramidze ",
title = "LaTeX for Technical writing  Journal of Technical Science and Technologies",
year = "2016",
issn = "2298-0032",
}
@inproceedings{SedaPavelVGIL,
journal = {Proceedings of the 24th Conference STUDENT EEICT 2018},
pages = {347--351},
publisher = {Vysoké učení technické v Brně, Fakulta elektrotechniky a komunikačních technologií},
isbn = {978-80-214-5614-3},
title = {Vector Graphics In Latex For Academic Papers},
language = {eng},
author = {Seda, Pavel},
keywords = {LATEX; vector graphics},
}

@Misc{wikiLaTeX,
author = "Wikipedia",
title = "LaTeX",
howpublished = "online",
revised = "Poslední změna 27. ledna 2018",
cited = "!2020-04-13",
url = "https://cs.wikipedia.org/wiki/Latex",
}

@Misc{onlineRoot,
author = "Šťastný Jakub",
title = "Učíme se psát dokumenty v LaTeXu",
howpublished = "online",
revised = "Poslední změna 21. ledna 2008",
cited = "!2020-04-13",
url = "https://www.root.cz/clanky/ucime-se-psat-dokumenty-v-latexu-i/",
}
